@MastersThesis{CrashUniQ,
author = {Pudas Mikko},
title = {Improving Crash Detection in Fuzzy Testing},
school = {JAMK University of Applied Sciences},
year = {2017},
OPTmonth = {March}
}

@InProceedings{Certif,
author = {B. Chandrasekar, S.Sajeev, Patrick K.Mohanty, G.Shobha},
title = {Development of Intelligent Digital Certificate Fuzzer Tool},
booktitle = {Proceedings of the 2017 International Conference on Cryptography, Security and Privacy},
OPTpages = {126-130},
OPTyear = {2017},
OPTmonth = {march}
}

@Article{Systematic,
author = {Chen Chen, Baojiang Cui, Jinxin Ma, Runpu Wu, Jianchao Guo, Wenqian Liu},
title = {A systematic review of fuzzing techniques},
journal = {Computers and Security},
year = {2017},
OPTvolume = {75},
OPTpages = {118-137},
OPTmonth = {October}
}

@Article{fuzzing,
author = {Wikipedia Contributors},
title = {Fuzzing},
url = "https://en.wikipedia.org/w/index.php?title=Plagiarism&oldid=5139350"
}
